@book{Hajlasz_18,
  title = {Introduction to {{Analysis}}},
  author = {Haj≈Çasz, Piotr},
  date = {2018},
  url = {https://sites.pitt.edu/~hajlasz/Teaching/Math1530Fall2018/selection.pdf}

}

@book{Lebl_23,
  title = {Basic {{Analysis I}}: {{Introduction}} to {{Real Analysis}}, {{Volume I}}},
  author = {Lebl, Jiri},
  date = {2023-07-11},
  edition = {version 6.0},
  url = {https://www.jirka.org/ra/realanal.pdf}
}
